@book{box2015time,
  title={Time series analysis: forecasting and control},
  author={Box, George EP and Jenkins, Gwilym M and Reinsel, Gregory C and Ljung, Greta M},
  year={2015},
  publisher={John Wiley \& Sons}
}

@inproceedings{sandgren2012moving,
  title={On moving average parameter estimation},
  author={Sandgren, Niclas and Stoica, Petre and Babu, Prabhu},
  booktitle={Signal Processing Conference (EUSIPCO), 2012 Proceedings of the 20th European},
  pages={2348--2351},
  year={2012},
  organization={IEEE}
}

@misc{baillie2017maximum,
  title={Maximum Likelihood Estimation of Time Series Models},
  author={Baillie, Richard},
  year={2017}
}

@book{gagniuc2017markov,
  title={Markov Chains: From Theory to Implementation and Experimentation},
  author={Gagniuc, Paul A},
  year={2017},
  publisher={John Wiley \& Sons}
}

@article{zhou2007novel,
  title={A novel model for photovoltaic array performance prediction},
  author={Zhou, Wei and Yang, Hongxing and Fang, Zhaohong},
  journal={Applied energy},
  volume={84},
  number={12},
  pages={1187--1198},
  year={2007},
  publisher={Elsevier}
}

@inproceedings{huang2012solar,
  title={Solar generation prediction using the ARMA model in a laboratory-level micro-grid},
  author={Huang, Rui and Huang, Tiana and Gadh, Rajit and Li, Na},
  booktitle={Smart Grid Communications (SmartGridComm), 2012 IEEE Third International Conference on},
  pages={528--533},
  year={2012},
  organization={IEEE}
}

